@article{Gome14,
year={2014},
issn={0304-3843},
journal={Hyperfine Interactions},
volume={223},
number={1-3},
doi={10.1007/s10751-012-0617-4},
title={Beta-delayed neutron emission studies},
url={http://dx.doi.org/10.1007/s10751-012-0617-4},
publisher={Springer Netherlands},
keywords={Beta delayed; Neutron emission; 3He counter},
author={G\'{o}mez-Hornillos, M.B. and Rissanen, J. and Ta\'{i}n, J.L. and Algora, A. and Kratz, K.L. and Lhersonneau, G. and Pfeiffer, B. and Agramunt, J. and Cano-Ott, D. and Gorlychev, V. and Caballero-Folch, R. and Mart\'{i}nez, T. and Achouri, L. and Calvino, F. and Cort\'{e}s, G. and Eronen, T. and Garc\'{i}a, A. and Parlog, M. and Podolyak, Z. and Pretel, C. and Valencia, E.},
pages={185-194},
language={English}
}


@article{Borg13,
  author={Borge, M~J~G},
  title={Beta-delayed particle emission},
  journal={Physica Scripta},
  volume={2013},
  number={T152},
  pages={014013},
  url={http://stacks.iop.org/1402-4896/2013/i=T152/a=014013},
  year={2013}
}

@article{Dill14,
   author = "Dillmann, Iris and Abriola, Daniel and Singh, Balraj",
   title = "Recent activities for beta-decay half-lives and beta-delayed neutron emission of very neutron-rich isotopes",
   journal = "AIP Conference Proceedings",
   year = "2014",
   volume = "1594",
   number = "", 
   pages = "332-338",
   url = "http://scitation.aip.org/content/aip/proceeding/aipcp/10.1063/1.4874091",
   doi = "http://dx.doi.org/10.1063/1.4874091" 
}

@article{Mier13,
  title = {Phenomenological model of $\beta$-delayed neutron-emission probability},
  author = {Miernik, K.},
  journal = {Phys. Rev. C},
  volume = {88},
  issue = {4},
  pages = {041301},
  numpages = {4},
  year = {2013},
  month = {Oct},
  publisher = {American Physical Society},
  doi = {10.1103/PhysRevC.88.041301},
  url = {http://link.aps.org/doi/10.1103/PhysRevC.88.041301}
}

@article{Krat73,
year={1973},
issn={0044-3328},
journal={Zeitschrift f\"{u}r Physik},
volume={263},
number={5},
doi={10.1007/BF01391992},
title={Systematics of neutron emission probabilities from delayed neutron precursors},
url={http://dx.doi.org/10.1007/BF01391992},
publisher={Springer-Verlag},
author={Kratz, K.-L. and Herrmann, G.},
pages={435-442},
language={English}
}

@article{Mont06,
  title = {$\beta$-decay half-lives and $\beta$-delayed neutron emission probabilities for neutron rich nuclei close to the $N=82 r$-process path},
  author = {Montes, F. and Estrade, A. and Hosmer, P. T. and Liddick, S. N. and Mantica, P. F. and Morton, A. C. and Mueller, W. F. and Ouellette, M. and Pellegrini, E. and Santi, P. and Schatz, H. and Stolz, A. and Tomlin, B. E. and Arndt, O. and Kratz, K.-L. and Pfeiffer, B. and Reeder, P. and Walters, W. B. and Aprahamian, A. and W\"{o}hr, A.},
  journal = {Phys. Rev. C},
  volume = {73},
  issue = {3},
  pages = {035801},
  numpages = {9},
  year = {2006},
  month = {Mar},
  publisher = {American Physical Society},
  doi = {10.1103/PhysRevC.73.035801},
  url = {http://link.aps.org/doi/10.1103/PhysRevC.73.035801}
}

@article{Mehr96,
  title = {Beta-Decay Half-Lives and Neutron-Emission Probabilities of Very Neutron-Rich Y to Tc Isotopes},
  author = {Mehren, T. and Pfeiffer, B. and Schoedder, S. and Kratz, K.-L. and Huhta, M. and Dendooven, P. and Honkanen, A. and Lhersonneau, G. and Oinonen, M. and Parmonen, J.-M. and Penttil\"{a}, H. and Popov, A. and Rubchenya, V. and \"{A}yst\"{o}, J.},
  journal = {Phys. Rev. Lett.},
  volume = {77},
  issue = {3},
  pages = {458--461},
  numpages = {0},
  year = {1996},
  month = {Jul},
  publisher = {American Physical Society},
  doi = {10.1103/PhysRevLett.77.458},
  url = {http://link.aps.org/doi/10.1103/PhysRevLett.77.458}
}

@article{Reed83,
  title = {Half-lives and emission probabilities of delayed neutron precursors $^{121-124}{Ag}$},
  author = {Reeder, P. L. and Warner, R. A. and Gill, R. L.},
  journal = {Phys. Rev. C},
  volume = {27},
  issue = {6},
  pages = {3002--3005},
  numpages = {0},
  year = {1983},
  month = {Jun},
  publisher = {American Physical Society},
  doi = {10.1103/PhysRevC.27.3002},
  url = {http://link.aps.org/doi/10.1103/PhysRevC.27.3002}
}

@article{Math12,
  author={L Mathieu and O Serot and T Materna and A Bail and U K\"{o}ster and H Faust and O Litaize and E Dupont and C Jouanne and A Letourneau and S
Panebianco},
  title={New neutron long-counter for delayed neutron investigations with the LOHENGRIN fission fragment separator},
  journal={Journal of Instrumentation},
  volume={7},
  number={08},
  pages={P08029},
  url={http://stacks.iop.org/1748-0221/7/i=08/a=P08029},
  year={2012}
}

@article{Pere09,
  title = {$\beta${}-decay half-lives and $$\beta${}$-delayed neutron emission probabilities of nuclei in the region $A$\lesssim${}110$, relevant for the r process},
  author = {Pereira, J. and Hennrich, S. and Aprahamian, A. and Arndt, O. and Becerril, A. and Elliot, T. and Estrade, A. and Galaviz, D. and Kessler, R. and Kratz, K.-L. and Lorusso, G. and Mantica, P. F. and Matos, M. and M\"oller, P. and Montes, F. and Pfeiffer, B. and Schatz, H. and Schertz, F. and Schnorrenberger, L. and Smith, E. and Stolz, A. and Quinn, M. and Walters, W. B. and W\"ohr, A.},
  journal = {Phys. Rev. C},
  volume = {79},
  issue = {3},
  pages = {035806},
  numpages = {18},
  year = {2009},
  month = {Mar},
  publisher = {American Physical Society},
  doi = {10.1103/PhysRevC.79.035806},
  url = {http://link.aps.org/doi/10.1103/PhysRevC.79.035806}
}

@article{Hosm10,
  title = {Half-lives and branchings for $$\beta${}$-delayed neutron emission for neutron-rich Co\char21{}Cu isotopes in the $r$-process},
  author = {Hosmer, P. and Schatz, H. and Aprahamian, A. and Arndt, O. and Clement, R. R. C. and Estrade, A. and Farouqi, K. and Kratz, K.-L. and Liddick, S. N. and Lisetskiy, A. F. and Mantica, P. F. and M\"oller, P. and Mueller, W. F. and Montes, F. and Morton, A. C. and Ouellette, M. and Pellegrini, E. and Pereira, J. and Pfeiffer, B. and Reeder, P. and Santi, P. and Steiner, M. and Stolz, A. and Tomlin, B. E. and Walters, W. B. and W\"ohr, A.},
  journal = {Phys. Rev. C},
  volume = {82},
  issue = {2},
  pages = {025806},
  numpages = {13},
  year = {2010},
  month = {Aug},
  publisher = {American Physical Society},
  doi = {10.1103/PhysRevC.82.025806},
  url = {http://link.aps.org/doi/10.1103/PhysRevC.82.025806}
}
